@book{halili2008jemeter,
  title={Apache JMeter: A practical beginner's guide to automated testing and performance measurement for your websites},
  author={Halili, Emily H},
  year={2008},
  publisher={Packt Publishing Ltd}
}

@article{wu2009qualityassurance,
  title={An overview of theory and practice on process capability indices for quality assurance},
  author={Wu, Chien-Wei and Pearn, WL and Kotz, Samuel},
  journal={International journal of production economics},
  volume={117},
  number={2},
  pages={338--359},
  year={2009},
  publisher={Elsevier}
}
@misc{csc8109,
  title = "CSC8109 Requirement",
  howpublished = "\url{https://homepages.cs.ncl.ac.uk/nick.cook/csc8109/}"
}

@article{dashti2010fairexchange,
  title={Fair exchange},
  author={Dashti, M Torabi and Mauw, Sjouke},
  journal={Handbook of Financial Cryptography and Security},
  pages={109--132},
  year={2010},
  publisher={Chapmand and Hall/CRC}
}

@article{sutherland2004agile,
  title={Agile development: Lessons learned from the first scrum},
  author={Sutherland, Jeff},
  journal={Cutter Agile Project Management Advisory Service: Executive Update},
  volume={5},
  number={20},
  pages={1--4},
  year={2004}
}

@misc{scrumdevelopment,
  title = "Scrum Development",
  howpublished= "\url{https://en.wikipedia.org/wiki/Scrum_(software_development)}"
}

@misc{trelloapp,
  title = "Trello",
  howpublished= "\url{ https://trello.com/about }"
}